date,description,amount,balance
2023-01-04 17:07:33,Flexin - Payment,$-191.94,"$36,027.79"
2023-01-05 12:41:53,StrongLink - Payment,$-96.46,"$35,931.33"
2023-01-10 10:52:08,StrongLink - Payment,$-186.94,"$35,744.39"
2023-01-12 18:35:40,Flexin - Payment,$-199.19,"$35,545.20"
2023-01-14 16:31:23,StrongLink - Payment,$-128.40,"$35,416.80"
2023-01-15 17:45:45,Flexin - Payment,$-170.92,"$35,245.88"
2023-01-19 19:13:13,Fitr - Payment,$-28.63,"$35,217.25"
2023-01-21 20:25:23,Healthn - Payment,$-82.58,"$35,134.67"
2023-01-29 21:51:59,StrongLink - Payment,$-94.59,"$35,040.08"
2023-02-03 16:28:53,StrongLink - Payment,$-26.13,"$34,960.69"
2023-02-03 21:27:45,youGrocery - Payment,$-53.26,"$34,986.82"
2023-02-05 21:40:01,StrongLink - Payment,$-168.63,"$34,792.06"
2023-02-14 20:51:08,Healthn - Payment,$-52.85,"$34,739.21"
2023-02-15 18:53:58,Fitr - Payment,$-32.71,"$34,706.50"
2023-02-18 19:03:09,AffordableHub - Payment,$-190.71,"$34,515.79"
2023-02-22 20:37:53,StrongLink - Payment,$-132.10,"$34,383.69"
2023-02-25 21:03:05,StrongLink - Payment,$-60.24,"$34,323.45"
2023-03-10 15:50:10,Healthn - Payment,$-63.54,"$34,259.91"
2023-03-18 12:44:18,Fitr - Payment,$-108.19,"$34,151.72"
2023-03-20 18:52:28,StrongLink - Payment,$-169.86,"$33,981.86"
2023-03-31 18:45:11,Healthn - Payment,$-85.93,"$33,895.93"
2023-04-03 16:43:53,Fitr - Payment,$-76.67,"$33,819.26"
2023-04-04 15:57:11,Healthn - Payment,$-165.16,"$33,654.10"
2023-04-08 08:44:32,Healthn - Payment,$-55.39,"$33,598.71"
2023-04-09 20:12:48,Healthn - Payment,$-47.20,"$33,551.51"
2023-04-18 21:44:12,Healthn - Payment,$-42.71,"$33,508.80"
2023-05-01 10:45:16,StrongLink - Payment,$-157.27,"$33,351.53"
2023-05-03 19:03:02,StrongLink - Payment,$-41.11,"$33,310.42"
2023-05-04 15:18:00,StrongLink - Payment,$-20.60,"$33,289.82"
2023-05-09 13:15:23,Fitr - Payment,$-140.52,"$33,149.30"
2023-05-15 17:41:07,StrongLink - Payment,$-25.79,"$33,123.51"
2023-05-16 21:55:19,AffordableHub - Payment,$-118.81,"$33,004.70"
2023-05-17 20:29:42,Healthn - Payment,$-149.85,"$32,854.85"
2023-05-18 20:05:39,Healthn - Payment,$-155.85,"$32,699.00"
2023-05-18 21:04:23,StrongLink - Payment,$-183.86,"$32,515.14"
2023-05-20 21:33:56,Healthn - Payment,$-184.10,"$32,331.04"
2023-05-23 12:16:42,StrongLink - Payment,$-94.73,"$32,236.31"
2023-06-01 08:05:38,Healthn - Payment,$-33.88,"$32,202.43"
2023-06-02 15:10:15,Flexin - Payment,$-98.47,"$31,914.16"
2023-06-02 21:07:50,Healthn - Payment,$-189.80,"$32,012.63"
2023-06-05 17:18:06,StrongLink - Payment,$-128.72,"$31,785.44"
2023-06-06 15:20:02,StrongLink - Payment,$-37.94,"$31,747.50"
2023-06-08 12:35:24,StrongLink - Payment,$-123.91,"$31,623.59"
2023-06-12 20:47:37,StrongLink - Payment,$-166.15,"$31,457.44"
2023-06-16 08:37:55,Healthn - Payment,$-89.86,"$31,367.58"
2023-06-24 12:40:36,Healthn - Payment,$-189.43,"$31,178.15"
2023-06-28 11:00:43,Healthn - Payment,$-75.87,"$31,102.28"
2023-07-04 09:42:04,Healthn - Payment,$-109.67,"$30,992.61"
2023-07-24 19:24:15,Healthn - Payment,$-42.45,"$30,950.16"
2023-07-26 14:04:23,StrongLink - Payment,$-92.32,"$30,857.84"
2023-07-30 15:35:41,StrongLink - Payment,$-91.73,"$30,766.11"
2023-07-31 11:16:13,StrongLink - Payment,$-89.71,"$30,676.40"
2023-08-01 09:25:50,StrongLink - Payment,$-152.45,"$30,523.95"
2023-08-05 12:03:32,StrongLink - Payment,$-38.96,"$30,484.99"
2023-08-06 18:50:34,Healthn - Payment,$-109.40,"$30,375.59"
2023-08-09 14:06:24,StrongLink - Payment,$-92.27,"$30,283.32"
2023-08-17 15:42:47,StrongLink - Payment,$-124.51,"$30,158.81"
2023-08-19 10:07:58,StrongLink - Payment,$-151.50,"$30,007.31"
2023-08-22 11:48:25,StrongLink - Payment,$-129.30,"$29,878.01"
2023-08-24 20:57:42,Healthn - Payment,$-110.82,"$29,767.19"
2023-08-30 12:26:59,Flexin - Payment,$-159.45,"$29,607.74"
2023-09-04 11:18:10,StrongLink - Payment,$-77.14,"$29,530.60"
2023-09-08 14:53:24,StrongLink - Payment,$-160.76,"$29,369.84"
2023-09-13 18:16:14,Fitr - Payment,$-136.31,"$29,233.53"
2023-09-18 18:38:15,StrongLink - Payment,$-187.26,"$29,046.27"
2023-09-19 21:05:46,StrongLink - Payment,$-146.46,"$28,899.81"
2023-09-21 08:15:28,Healthn - Payment,$-65.14,"$28,834.67"
2023-10-01 10:56:09,Fitr - Payment,$-157.74,"$28,676.93"
2023-10-02 14:32:39,Flexin - Payment,$-156.31,"$28,520.62"
2023-10-03 18:47:08,Healthn - Payment,$-55.90,"$28,464.72"
2023-10-04 17:50:19,Healthn - Payment,$-113.62,"$28,351.10"
2023-10-07 12:40:34,Healthn - Payment,$-125.35,"$28,225.75"
2023-10-07 15:33:59,StrongLink - Payment,$-63.79,"$28,161.96"
2023-10-08 14:41:58,StrongLink - Payment,$-187.63,"$27,974.33"
2023-10-10 09:44:40,Healthn - Payment,$-69.83,"$27,904.50"
2023-10-14 17:29:45,StrongLink - Payment,$-27.35,"$27,877.15"
2023-10-17 21:01:53,Fitr - Payment,$-39.85,"$27,837.30"
2023-10-23 14:09:32,youGrocery - Payment,$-65.25,"$27,772.05"
2023-10-23 14:24:05,StrongLink - Payment,$-161.12,"$27,610.93"
2023-10-29 09:12:50,StrongLink - Payment,$-85.98,"$27,426.84"
2023-10-29 21:21:13,Healthn - Payment,$-98.11,"$27,512.82"
2023-11-02 15:15:33,Fitr - Payment,$-137.96,"$27,288.88"
2023-11-03 18:16:50,Healthn - Payment,$-40.70,"$27,248.18"
2023-11-05 08:00:40,Fitr - Payment,$-164.16,"$27,084.02"
2023-11-08 21:58:09,StrongLink - Payment,$-145.87,"$26,938.15"
2023-11-10 17:37:33,StrongLink - Payment,$-47.34,"$26,890.81"
2023-11-15 18:34:35,Healthn - Payment,$-31.27,"$26,859.54"
2023-11-16 21:20:53,Healthn - Payment,$-34.94,"$26,824.60"
2023-11-17 18:29:04,StrongLink - Payment,$-42.94,"$26,781.66"
2023-11-25 20:12:59,StrongLink - Payment,$-199.84,"$26,581.82"
2023-12-03 17:18:50,StrongLink - Payment,$-87.84,"$26,368.65"
2023-12-03 19:53:53,Healthn - Payment,$-125.33,"$26,456.49"
2023-12-05 10:44:33,StrongLink - Payment,$-164.67,"$26,203.98"
2023-12-06 12:20:01,StrongLink - Payment,$-172.55,"$26,031.43"
2023-12-11 15:33:14,Foodr - Payment,$-61.52,"$25,969.91"
2023-12-11 20:21:55,StrongLink - Payment,$-144.59,"$25,825.32"
2023-12-12 08:17:30,Healthn - Payment,$-27.76,"$25,797.56"
2023-12-14 17:44:24,StrongLink - Payment,$-168.97,"$25,628.59"
2023-12-16 15:59:32,StrongLink - Payment,$-120.14,"$25,508.45"
2023-12-18 21:25:31,StrongLink - Payment,$-174.18,"$25,334.27"
2023-12-26 13:34:58,Healthn - Payment,$-159.20,"$25,175.07"
2024-01-03 18:55:13,Healthn - Payment,$-76.16,"$25,098.91"
2024-01-06 19:35:26,Healthn - Payment,$-25.46,"$25,073.45"
2024-01-07 12:15:50,youGrocery - Payment,$-107.50,"$24,965.95"
2024-01-12 13:03:56,StrongLink - Payment,$-65.98,"$24,899.97"
2024-01-16 15:38:23,Healthn - Payment,$-153.96,"$24,746.01"
2024-01-18 20:28:10,StrongLink - Payment,$-103.81,"$24,642.20"
2024-01-20 16:34:36,Healthn - Payment,$-102.19,"$24,540.01"
2024-01-26 09:24:16,Healthn - Payment,$-111.22,"$24,428.79"
2024-01-29 18:28:40,Healthn - Payment,$-92.26,"$24,336.53"
2024-02-06 08:16:02,Healthn - Payment,$-187.76,"$24,148.77"
2024-02-06 11:43:59,Fitr - Payment,$-130.60,"$24,018.17"
2024-02-17 17:51:54,StrongLink - Payment,$-156.41,"$23,798.58"
2024-02-17 17:54:20,Healthn - Payment,$-63.18,"$23,954.99"
2024-02-20 17:14:29,StrongLink - Payment,$-142.74,"$23,655.84"
2024-02-25 14:33:40,StrongLink - Payment,$-190.74,"$23,465.10"
2024-03-01 16:47:25,StrongLink - Payment,$-51.16,"$23,413.94"
2024-03-05 21:36:39,StrongLink - Payment,$-79.13,"$23,334.81"
2024-03-06 11:49:24,Healthn - Payment,$-67.76,"$23,267.05"
2024-03-07 17:22:52,StrongLink - Payment,$-178.43,"$23,088.62"
2024-03-17 21:32:02,StrongLink - Payment,$-100.94,"$22,987.68"
2024-03-19 18:36:02,Flexin - Payment,$-79.52,"$22,734.68"
2024-03-19 21:40:14,Healthn - Payment,$-173.48,"$22,814.20"
2024-03-23 19:07:59,StrongLink - Payment,$-165.76,"$22,568.92"
2024-03-24 20:50:35,StrongLink - Payment,$-99.37,"$22,469.55"
2024-03-27 09:47:36,StrongLink - Payment,$-59.24,"$22,410.31"
2024-03-29 12:04:05,youGrocery - Payment,$-22.58,"$22,387.73"
2024-03-31 13:17:13,Healthn - Payment,$-182.90,"$22,204.83"
2024-03-31 20:18:12,StrongLink - Payment,$-22.52,"$22,182.31"
2024-04-03 20:25:18,StrongLink - Payment,$-66.88,"$22,115.43"
2024-04-04 08:48:42,Foodr - Payment,$-46.18,"$22,069.25"
2024-04-07 15:31:44,Healthn - Payment,$-164.65,"$21,904.60"
2024-04-13 16:13:42,Healthn - Payment,$-47.80,"$21,856.80"
2024-04-18 12:14:28,StrongLink - Payment,$-27.48,"$21,829.32"
2024-04-21 21:20:37,AffordableHub - Payment,$-98.52,"$21,730.80"
2024-04-23 15:11:32,StrongLink - Payment,$-172.19,"$21,558.61"
2024-04-30 15:35:55,StrongLink - Payment,$-148.44,"$21,410.17"
2024-05-02 08:45:20,StrongLink - Payment,$-21.33,"$21,388.84"
2024-05-03 20:09:06,Fitr - Payment,$-30.57,"$21,358.27"
2024-05-10 15:18:54,Healthn - Payment,$-24.74,"$21,333.53"
2024-05-16 20:31:03,StrongLink - Payment,$-79.66,"$21,253.87"
2024-05-18 14:41:12,StrongLink - Payment,$-170.57,"$21,083.30"
2024-05-26 14:40:30,StrongLink - Payment,$-24.50,"$21,058.80"
2024-05-28 14:37:05,Healthn - Payment,$-148.17,"$20,910.63"
2024-05-30 09:06:25,Healthn - Payment,$-116.54,"$20,794.09"
2024-05-31 17:31:10,Healthn - Payment,$-112.14,"$20,681.95"
2024-06-02 12:00:34,StrongLink - Payment,$-33.11,"$20,648.84"
2024-06-03 10:32:47,StrongLink - Payment,$-152.53,"$20,496.31"
2024-06-05 17:12:50,Healthn - Payment,$-119.30,"$20,377.01"
2024-06-11 16:25:16,StrongLink - Payment,$-69.67,"$20,307.34"
2024-06-17 19:15:31,AffordableHub - Payment,$-67.27,"$20,240.07"
2024-06-22 12:45:47,Healthn - Payment,$-56.93,"$20,183.14"
2024-06-25 19:03:35,Foodr - Payment,$-166.38,"$20,016.76"
2024-06-28 17:18:37,Flexin - Payment,$-20.55,"$19,996.21"
2024-07-02 19:56:48,StrongLink - Payment,$-112.99,"$19,883.22"
2024-07-07 12:49:36,Healthn - Payment,$-153.78,"$19,729.44"
2024-07-10 11:03:01,Healthn - Payment,$-134.92,"$19,594.52"
2024-07-15 18:57:34,Healthn - Payment,$-122.17,"$19,472.35"
2024-07-17 20:09:37,Healthn - Payment,$-68.74,"$19,403.61"
2024-07-18 18:39:25,StrongLink - Payment,$-107.84,"$19,295.77"
2024-07-21 19:01:15,StrongLink - Payment,$-159.46,"$19,136.31"
2024-07-25 15:32:36,StrongLink - Payment,$-40.54,"$19,095.77"
2024-08-03 20:57:34,Healthn - Payment,$-79.57,"$19,016.20"
2024-08-04 12:59:08,StrongLink - Payment,$-21.52,"$18,994.68"
2024-08-07 08:44:07,Healthn - Payment,$-183.31,"$18,811.37"
2024-08-10 19:28:28,Healthn - Payment,$-40.53,"$18,770.84"
