date,description,amount,balance
2023-01-01 18:26:43,Flexin - Payment,$-78.11,"$48,752.95"
2023-01-04 15:11:54,Foodr - Payment,$-135.30,"$48,617.65"
2023-01-13 18:23:13,youGrocery - Payment,$-22.68,"$48,594.97"
2023-01-14 11:55:57,Foodr - Payment,$-170.17,"$48,424.80"
2023-01-31 09:30:59,Foodr - Payment,$-164.85,"$48,259.95"
2023-02-05 09:14:53,Foodr - Payment,$-92.18,"$48,167.77"
2023-02-14 16:35:18,Foodr - Payment,$-22.12,"$48,145.65"
2023-02-19 21:16:05,AffordableHub - Payment,$-170.69,"$47,974.96"
2023-02-23 13:36:15,Fitr - Payment,$-146.70,"$47,828.26"
2023-03-01 09:16:43,Foodr - Payment,$-85.19,"$47,743.07"
2023-03-02 20:05:30,AffordableHub - Payment,$-50.44,"$47,692.63"
2023-03-05 12:50:41,Foodr - Payment,$-148.17,"$47,544.46"
2023-03-08 09:28:28,Foodr - Payment,$-118.32,"$47,426.14"
2023-03-23 14:19:40,Foodr - Payment,$-139.66,"$47,286.48"
2023-03-24 21:02:57,Foodr - Payment,$-178.48,"$47,108.00"
2023-03-25 21:09:03,Foodr - Payment,$-92.60,"$47,015.40"
2023-03-27 10:55:56,Healthn - Payment,$-79.82,"$46,935.58"
2023-03-28 10:55:25,Foodr - Payment,$-47.42,"$46,888.16"
2023-03-29 09:32:39,Fitr - Payment,$-54.54,"$46,833.62"
2023-03-31 09:18:35,Foodr - Payment,$-67.12,"$46,766.50"
2023-04-05 11:21:54,Foodr - Payment,$-27.87,"$46,738.63"
2023-04-07 11:37:35,Foodr - Payment,$-67.40,"$46,671.23"
2023-04-11 21:36:21,Foodr - Payment,$-120.30,"$46,550.93"
2023-04-13 16:19:21,Fitr - Payment,$-41.18,"$46,509.75"
2023-04-18 12:16:41,StrongLink - Payment,$-52.14,"$46,457.61"
2023-04-22 13:38:29,AffordableHub - Payment,$-184.82,"$46,272.79"
2023-04-26 08:11:57,Foodr - Payment,$-142.40,"$46,130.39"
2023-04-30 18:18:34,Foodr - Payment,$-131.65,"$45,998.74"
2023-05-02 19:24:16,Foodr - Payment,$-108.46,"$45,890.28"
2023-05-10 21:31:23,Foodr - Payment,$-95.31,"$45,794.97"
2023-05-12 18:37:34,AffordableHub - Payment,$-124.30,"$45,670.67"
2023-05-18 08:35:24,Foodr - Payment,$-43.17,"$45,627.50"
2023-05-22 20:21:59,Foodr - Payment,$-142.49,"$45,485.01"
2023-05-30 20:36:14,Flexin - Payment,$-126.28,"$45,358.73"
2023-05-31 16:20:52,Foodr - Payment,$-123.99,"$45,234.74"
2023-06-02 16:27:49,Foodr - Payment,$-108.33,"$45,126.41"
2023-06-07 20:47:19,Foodr - Payment,$-92.82,"$45,033.59"
2023-06-10 12:59:46,Foodr - Payment,$-59.69,"$44,973.90"
2023-06-10 20:41:30,Fitr - Payment,$-146.91,"$44,826.99"
2023-06-13 18:37:57,Fitr - Payment,$-49.24,"$44,777.75"
2023-06-16 17:17:57,Foodr - Payment,$-99.56,"$44,678.19"
2023-06-25 10:26:03,Foodr - Payment,$-185.58,"$44,492.61"
2023-07-01 16:26:35,youGrocery - Payment,$-27.28,"$44,465.33"
2023-07-04 14:19:55,youGrocery - Payment,$-168.29,"$44,297.04"
2023-07-05 19:04:24,Foodr - Payment,$-196.72,"$44,100.32"
2023-07-07 11:58:55,Foodr - Payment,$-80.35,"$44,019.97"
2023-07-09 12:51:18,youGrocery - Payment,$-131.74,"$43,888.23"
2023-07-09 16:02:14,Flexin - Payment,$-167.19,"$43,721.04"
2023-07-10 17:42:25,Foodr - Payment,$-95.38,"$43,625.66"
2023-07-28 21:03:49,Fitr - Payment,$-51.48,"$43,574.18"
2023-08-03 14:32:55,Foodr - Payment,$-191.58,"$43,382.60"
2023-08-05 09:09:18,Foodr - Payment,$-94.38,"$43,288.22"
2023-08-07 18:48:12,Fitr - Payment,$-75.64,"$43,212.58"
2023-08-17 11:34:56,Foodr - Payment,$-110.62,"$43,101.96"
2023-08-21 18:45:30,Foodr - Payment,$-171.44,"$42,930.52"
2023-08-29 21:13:45,Foodr - Payment,$-55.71,"$42,874.81"
2023-09-09 13:10:15,Fitr - Payment,$-95.10,"$42,779.71"
2023-09-19 18:33:58,Foodr - Payment,$-23.47,"$42,756.24"
2023-09-21 16:36:13,Foodr - Payment,$-83.10,"$42,673.14"
2023-09-22 15:13:42,youGrocery - Payment,$-74.83,"$42,598.31"
2023-09-24 17:26:15,Healthn - Payment,$-116.70,"$42,481.61"
2023-09-25 08:12:00,Fitr - Payment,$-106.55,"$42,375.06"
2023-09-26 09:48:55,Foodr - Payment,$-144.15,"$42,230.91"
2023-09-29 20:03:10,Foodr - Payment,$-183.80,"$42,047.11"
2023-09-30 21:26:31,AffordableHub - Payment,$-177.89,"$41,869.22"
2023-10-01 13:09:24,Foodr - Payment,$-134.86,"$41,734.36"
2023-10-02 18:08:01,Foodr - Payment,$-142.83,"$41,591.53"
2023-10-04 13:42:14,Healthn - Payment,$-104.88,"$41,486.65"
2023-10-05 08:13:18,youGrocery - Payment,$-50.00,"$41,436.65"
2023-10-08 10:23:10,Foodr - Payment,$-177.50,"$41,259.15"
2023-10-09 16:49:57,Foodr - Payment,$-76.26,"$41,182.89"
2023-10-21 11:07:43,AffordableHub - Payment,$-25.76,"$41,157.13"
2023-10-23 14:42:00,Foodr - Payment,$-91.20,"$41,065.93"
2023-11-15 19:13:07,Fitr - Payment,$-27.74,"$41,038.19"
2023-11-19 21:44:59,Foodr - Payment,$-110.70,"$40,927.49"
2023-11-20 13:50:28,Foodr - Payment,$-180.84,"$40,746.65"
2023-11-22 14:09:38,Foodr - Payment,$-180.37,"$40,566.28"
2023-11-26 14:11:40,Foodr - Payment,$-60.80,"$40,505.48"
2023-11-30 08:25:48,Foodr - Payment,$-98.54,"$40,406.94"
2023-12-07 13:44:53,Foodr - Payment,$-64.98,"$40,341.96"
2023-12-09 15:09:58,Fitr - Payment,$-155.11,"$40,186.85"
2023-12-10 21:45:00,Fitr - Payment,$-195.68,"$39,991.17"
2023-12-14 09:14:36,Foodr - Payment,$-29.29,"$39,961.88"
2023-12-20 11:16:51,Fitr - Payment,$-41.51,"$39,920.37"
2023-12-23 19:12:28,youGrocery - Payment,$-42.67,"$39,877.70"
2023-12-26 20:15:23,Foodr - Payment,$-143.70,"$39,734.00"
2023-12-29 14:50:23,Foodr - Payment,$-72.74,"$39,661.26"
2023-12-31 10:16:49,Foodr - Payment,$-139.52,"$39,521.74"
2024-01-05 14:57:37,youGrocery - Payment,$-29.86,"$39,491.88"
2024-01-11 14:17:26,Foodr - Payment,$-192.60,"$39,299.28"
2024-01-13 21:18:31,Foodr - Payment,$-33.44,"$39,265.84"
2024-01-16 16:34:47,Foodr - Payment,$-166.74,"$39,099.10"
2024-01-27 12:04:06,Foodr - Payment,$-179.28,"$38,919.82"
2024-02-03 10:29:12,Foodr - Payment,$-164.94,"$38,754.88"
2024-02-10 10:01:49,Foodr - Payment,$-117.54,"$38,637.34"
2024-02-12 15:01:12,youGrocery - Payment,$-174.90,"$38,462.44"
2024-02-13 08:52:19,Foodr - Payment,$-55.54,"$38,406.90"
2024-02-29 17:45:16,Foodr - Payment,$-82.50,"$38,324.40"
2024-03-08 19:51:45,Fitr - Payment,$-22.64,"$38,301.76"
2024-03-09 13:52:15,Foodr - Payment,$-191.76,"$38,110.00"
2024-03-10 19:29:01,Foodr - Payment,$-147.51,"$37,962.49"
2024-03-20 16:39:16,Foodr - Payment,$-117.86,"$37,844.63"
2024-03-22 11:12:10,Foodr - Payment,$-125.35,"$37,719.28"
2024-03-26 18:42:24,Foodr - Payment,$-115.33,"$37,603.95"
2024-03-27 12:51:27,Foodr - Payment,$-44.76,"$37,559.19"
2024-03-27 20:03:46,Fitr - Payment,$-77.90,"$37,481.29"
2024-03-29 20:44:53,youGrocery - Payment,$-73.65,"$37,407.64"
2024-03-30 14:16:14,youGrocery - Payment,$-122.80,"$37,284.84"
2024-04-01 16:36:59,youGrocery - Payment,$-168.30,"$37,116.54"
2024-04-03 21:55:28,Foodr - Payment,$-136.82,"$36,979.72"
2024-04-12 10:06:51,Healthn - Payment,$-152.28,"$36,827.44"
2024-04-15 15:04:32,StrongLink - Payment,$-152.78,"$36,674.66"
2024-04-16 21:59:24,Foodr - Payment,$-92.82,"$36,581.84"
2024-04-22 15:34:02,Foodr - Payment,$-143.45,"$36,438.39"
2024-04-23 15:31:38,Foodr - Payment,$-154.39,"$36,284.00"
2024-05-11 21:06:38,Foodr - Payment,$-26.58,"$36,257.42"
2024-05-13 19:17:10,Foodr - Payment,$-154.81,"$36,102.61"
2024-05-19 21:52:06,Foodr - Payment,$-119.24,"$35,983.37"
2024-05-20 15:10:49,Foodr - Payment,$-191.23,"$35,792.14"
2024-05-22 14:52:58,Foodr - Payment,$-64.66,"$35,727.48"
2024-05-26 20:27:34,Fitr - Payment,$-102.34,"$35,625.14"
2024-05-31 10:40:44,Foodr - Payment,$-158.77,"$35,466.37"
2024-06-02 20:35:38,AffordableHub - Payment,$-183.74,"$35,282.63"
2024-06-03 18:48:07,Foodr - Payment,$-128.99,"$35,153.64"
2024-06-18 19:22:33,Flexin - Payment,$-157.20,"$34,996.44"
2024-06-23 08:12:43,AffordableHub - Payment,$-87.18,"$34,909.26"
2024-06-30 08:53:50,Fitr - Payment,$-101.90,"$34,807.36"
2024-07-04 21:29:11,Foodr - Payment,$-62.88,"$34,744.48"
2024-07-10 12:58:06,Foodr - Payment,$-113.88,"$34,630.60"
2024-07-12 17:03:03,Foodr - Payment,$-58.45,"$34,572.15"
2024-07-21 10:18:44,Healthn - Payment,$-119.69,"$34,452.46"
2024-07-25 14:36:06,AffordableHub - Payment,$-94.30,"$34,358.16"
2024-07-27 08:06:01,Foodr - Payment,$-107.64,"$34,250.52"
2024-07-28 12:12:02,Fitr - Payment,$-59.41,"$34,191.11"
2024-07-29 11:07:04,AffordableHub - Payment,$-184.97,"$34,006.14"
2024-08-01 13:50:03,Foodr - Payment,$-61.23,"$33,944.91"
2024-08-02 18:25:30,Fitr - Payment,$-139.90,"$33,805.01"
