date,description,amount,balance
2023-01-01 09:11:23,StrongLink - Payment,$-129.15,"$11,337.12"
2023-01-03 12:01:40,StrongLink - Payment,$-104.81,"$11,232.31"
2023-01-04 12:33:14,StrongLink - Payment,$-177.89,"$10,924.49"
2023-01-04 15:49:18,Healthn - Payment,$-129.93,"$11,102.38"
2023-01-06 13:30:03,StrongLink - Payment,$-83.66,"$10,840.83"
2023-01-09 17:41:20,StrongLink - Payment,$-191.24,"$10,649.59"
2023-01-11 10:38:18,StrongLink - Payment,$-164.29,"$10,485.30"
2023-01-17 10:29:58,StrongLink - Payment,$-79.53,"$10,405.77"
2023-01-18 21:18:13,Healthn - Payment,$-29.20,"$10,376.57"
2023-01-20 13:42:36,StrongLink - Payment,$-84.67,"$10,291.90"
2023-01-23 18:12:50,StrongLink - Payment,$-163.96,"$10,127.94"
2023-02-02 15:48:16,StrongLink - Payment,$-27.25,"$10,100.69"
2023-02-03 14:09:40,StrongLink - Payment,$-49.96,"$10,050.73"
2023-02-08 08:33:51,Healthn - Payment,$-118.33,"$9,932.40"
2023-02-08 13:59:58,Fitr - Payment,$-61.12,"$9,871.28"
2023-02-18 15:31:40,Foodr - Payment,$-120.31,"$9,750.97"
2023-02-21 15:07:00,StrongLink - Payment,$-139.39,"$9,611.58"
2023-03-06 10:58:48,Healthn - Payment,$-118.47,"$9,493.11"
2023-03-07 13:09:48,Healthn - Payment,$-124.34,"$9,368.77"
2023-03-07 13:31:30,StrongLink - Payment,$-53.48,"$9,315.29"
2023-03-08 16:27:22,Healthn - Payment,$-85.76,"$9,229.53"
2023-03-09 13:41:08,Healthn - Payment,$-50.74,"$9,178.79"
2023-03-10 09:19:09,Healthn - Payment,$-129.11,"$9,049.68"
2023-03-12 14:12:56,StrongLink - Payment,$-173.88,"$8,875.80"
2023-03-15 10:45:11,StrongLink - Payment,$-31.62,"$8,844.18"
2023-03-24 13:36:19,Foodr - Payment,$-37.00,"$8,807.18"
2023-03-28 13:21:37,youGrocery - Payment,$-170.00,"$8,637.18"
2023-04-01 17:10:26,AffordableHub - Payment,$-168.78,"$8,468.40"
2023-04-02 14:58:06,StrongLink - Payment,$-57.69,"$8,410.71"
2023-04-10 21:50:13,Healthn - Payment,$-158.24,"$8,252.47"
2023-04-12 15:11:54,youGrocery - Payment,$-55.32,"$8,197.15"
2023-04-13 12:45:37,Healthn - Payment,$-36.41,"$8,160.74"
2023-04-14 20:07:45,StrongLink - Payment,$-173.50,"$7,958.08"
2023-04-14 20:23:28,Healthn - Payment,$-29.16,"$8,131.58"
2023-04-15 10:30:25,StrongLink - Payment,$-68.92,"$7,889.16"
2023-04-20 14:13:30,Healthn - Payment,$-31.82,"$7,857.34"
2023-04-27 09:58:48,StrongLink - Payment,$-169.93,"$7,687.41"
2023-04-29 16:03:59,Healthn - Payment,$-139.99,"$7,547.42"
2023-05-02 09:41:02,Healthn - Payment,$-189.78,"$7,357.64"
2023-05-03 21:03:40,StrongLink - Payment,$-82.98,"$7,274.66"
2023-05-05 10:30:16,AffordableHub - Payment,$-58.40,"$7,216.26"
2023-05-12 19:03:36,StrongLink - Payment,$-103.80,"$7,112.46"
2023-05-21 13:46:54,youGrocery - Payment,$-173.69,"$6,938.77"
2023-05-21 17:51:21,StrongLink - Payment,$-161.77,"$6,777.00"
2023-05-22 10:24:48,StrongLink - Payment,$-159.25,"$6,617.75"
2023-05-24 16:00:35,StrongLink - Payment,$-45.35,"$6,572.40"
2023-05-25 11:42:06,Healthn - Payment,$-79.75,"$6,492.65"
2023-05-28 21:40:57,StrongLink - Payment,$-74.49,"$6,418.16"
2023-06-04 18:54:35,Healthn - Payment,$-159.20,"$6,258.96"
2023-06-06 15:10:55,Healthn - Payment,$-113.56,"$6,145.40"
2023-06-07 14:44:00,StrongLink - Payment,$-60.76,"$6,084.64"
2023-06-11 16:37:30,AffordableHub - Payment,$-72.60,"$6,012.04"
2023-06-17 16:52:07,StrongLink - Payment,$-59.62,"$5,952.42"
2023-06-19 20:21:47,StrongLink - Payment,$-69.40,"$5,883.02"
2023-06-21 17:37:37,Healthn - Payment,$-82.36,"$5,800.66"
2023-06-27 18:58:36,Healthn - Payment,$-90.79,"$5,709.87"
2023-07-03 17:06:55,Healthn - Payment,$-74.75,"$5,635.12"
2023-07-03 18:11:41,Fitr - Payment,$-157.88,"$5,477.24"
2023-07-13 20:19:17,Healthn - Payment,$-70.53,"$5,406.71"
2023-07-15 10:59:25,StrongLink - Payment,$-62.00,"$5,344.71"
2023-07-19 19:06:08,Healthn - Payment,$-165.41,"$5,179.30"
2023-07-24 21:15:35,Flexin - Payment,$-136.96,"$5,042.34"
2023-07-26 19:34:51,youGrocery - Payment,$-104.50,"$4,937.84"
2023-07-27 13:28:26,Healthn - Payment,$-160.90,"$4,776.94"
2023-07-28 11:41:57,Healthn - Payment,$-148.70,"$4,628.24"
2023-07-30 15:38:11,Healthn - Payment,$-85.74,"$4,542.50"
2023-07-30 17:20:14,StrongLink - Payment,$-147.63,"$4,394.87"
2023-07-31 19:36:06,Healthn - Payment,$-24.94,"$4,369.93"
2023-08-02 10:03:05,StrongLink - Payment,$-49.89,"$4,320.04"
2023-08-07 10:01:04,StrongLink - Payment,$-133.80,"$4,186.24"
2023-08-13 20:00:38,Healthn - Payment,$-46.66,"$4,139.58"
2023-08-16 11:27:57,Healthn - Payment,$-168.54,"$3,971.04"
2023-08-20 09:24:07,StrongLink - Payment,$-199.61,"$3,771.43"
2023-08-21 20:44:42,StrongLink - Payment,$-43.90,"$3,727.53"
2023-08-23 08:12:19,StrongLink - Payment,$-26.62,"$3,700.91"
2023-08-25 21:08:43,Fitr - Payment,$-66.50,"$3,634.41"
2023-08-30 08:32:35,Healthn - Payment,$-115.42,"$3,518.99"
2023-09-05 08:45:41,Healthn - Payment,$-192.29,"$3,326.70"
2023-09-05 14:52:37,StrongLink - Payment,$-182.12,"$3,144.58"
2023-09-11 13:53:19,StrongLink - Payment,$-37.10,"$3,107.48"
2023-09-12 13:50:04,Healthn - Payment,$-177.18,"$2,930.30"
2023-09-18 10:35:15,Flexin - Payment,$-24.95,"$2,905.35"
2023-09-19 19:19:31,Healthn - Payment,$-40.71,"$2,864.64"
2023-09-23 15:38:55,StrongLink - Payment,$-107.71,"$2,756.93"
2023-10-05 14:05:09,Healthn - Payment,$-184.82,"$2,572.11"
2023-10-09 08:47:49,Healthn - Payment,$-44.20,"$2,527.91"
2023-10-14 18:00:05,StrongLink - Payment,$-194.26,"$2,333.65"
2023-10-17 20:13:00,Foodr - Payment,$-91.31,"$2,242.34"
2023-10-20 11:25:03,Healthn - Payment,$-28.96,"$2,213.38"
2023-10-31 17:47:11,AffordableHub - Payment,$-192.22,"$2,021.16"
2023-11-05 20:51:07,StrongLink - Payment,$-161.79,"$1,859.37"
2023-11-08 15:13:26,Healthn - Payment,$-186.70,"$1,672.67"
2023-11-09 12:41:54,Healthn - Payment,$-92.23,"$1,580.44"
2023-11-10 08:19:30,StrongLink - Payment,$-144.76,"$1,435.68"
2023-11-13 21:39:56,Healthn - Payment,$-190.10,"$1,245.58"
2023-11-18 20:52:54,StrongLink - Payment,$-84.32,"$1,161.26"
2023-11-19 16:28:46,Healthn - Payment,$-104.65,"$1,056.61"
2023-11-26 12:30:03,Healthn - Payment,$-50.60,"$1,006.01"
2023-11-27 21:05:21,Healthn - Payment,$-133.26,$872.75
2023-11-28 10:32:27,StrongLink - Payment,$-156.66,$679.58
2023-11-28 19:38:54,AffordableHub - Payment,$-36.51,$836.24
2023-12-01 11:35:30,StrongLink - Payment,$-106.00,$422.81
2023-12-01 17:32:11,Healthn - Payment,$-150.77,$528.81
2023-12-04 14:16:31,Flexin - Payment,$-185.83,$236.98
2023-12-05 13:49:06,Healthn - Payment,$-96.58,$140.40
2023-12-08 14:57:31,Invalid Withdrawal,$0.00,$140.40
2023-12-18 20:38:25,Foodr - Payment,$-131.63,$8.77
2023-12-19 10:10:54,Invalid Withdrawal,$0.00,$8.77
2023-12-22 09:45:25,Invalid Withdrawal,$0.00,$8.77
2023-12-24 12:24:52,Invalid Withdrawal,$0.00,$8.77
2024-01-01 09:55:40,Invalid Withdrawal,$0.00,$8.77
2024-01-03 09:45:30,Invalid Withdrawal,$0.00,$8.77
2024-01-05 16:29:34,Invalid Withdrawal,$0.00,$8.77
2024-01-05 19:28:45,Invalid Withdrawal,$0.00,$8.77
2024-01-09 08:57:40,Invalid Withdrawal,$0.00,$8.77
2024-01-11 08:40:26,Invalid Withdrawal,$0.00,$8.77
2024-01-13 14:07:13,Invalid Withdrawal,$0.00,$8.77
2024-01-14 11:45:36,Invalid Withdrawal,$0.00,$8.77
2024-01-14 12:41:53,Invalid Withdrawal,$0.00,$8.77
2024-01-19 18:15:52,Invalid Withdrawal,$0.00,$8.77
2024-01-20 21:40:04,Invalid Withdrawal,$0.00,$8.77
2024-01-22 14:28:41,Invalid Withdrawal,$0.00,$8.77
2024-02-04 16:40:42,Invalid Withdrawal,$0.00,$8.77
2024-02-12 16:50:04,Invalid Withdrawal,$0.00,$8.77
2024-02-12 20:34:32,Invalid Withdrawal,$0.00,$8.77
2024-02-15 17:50:08,Invalid Withdrawal,$0.00,$8.77
2024-02-19 16:45:19,Invalid Withdrawal,$0.00,$8.77
2024-02-20 13:21:29,Invalid Withdrawal,$0.00,$8.77
2024-02-20 20:39:11,Invalid Withdrawal,$0.00,$8.77
2024-02-26 21:52:11,Invalid Withdrawal,$0.00,$8.77
2024-03-08 15:02:00,Invalid Withdrawal,$0.00,$8.77
2024-03-13 10:26:24,Invalid Withdrawal,$0.00,$8.77
2024-03-21 18:30:40,Invalid Withdrawal,$0.00,$8.77
2024-03-23 20:16:38,Invalid Withdrawal,$0.00,$8.77
2024-04-02 14:33:41,Invalid Withdrawal,$0.00,$8.77
2024-04-07 20:58:39,Invalid Withdrawal,$0.00,$8.77
2024-04-12 12:31:01,Invalid Withdrawal,$0.00,$8.77
2024-04-18 11:50:59,Invalid Withdrawal,$0.00,$8.77
2024-04-21 10:36:58,Invalid Withdrawal,$0.00,$8.77
2024-05-01 09:28:23,Invalid Withdrawal,$0.00,$8.77
2024-05-08 12:30:09,Invalid Withdrawal,$0.00,$8.77
2024-05-11 17:02:23,Invalid Withdrawal,$0.00,$8.77
2024-05-14 11:18:23,Invalid Withdrawal,$0.00,$8.77
2024-05-19 11:32:55,Invalid Withdrawal,$0.00,$8.77
2024-05-23 20:01:01,Invalid Withdrawal,$0.00,$8.77
2024-05-25 12:48:36,Invalid Withdrawal,$0.00,$8.77
2024-05-26 16:30:36,Invalid Withdrawal,$0.00,$8.77
2024-05-29 12:25:25,Invalid Withdrawal,$0.00,$8.77
2024-05-30 15:30:04,Invalid Withdrawal,$0.00,$8.77
2024-06-11 16:06:11,Invalid Withdrawal,$0.00,$8.77
2024-06-17 19:00:35,Invalid Withdrawal,$0.00,$8.77
2024-06-19 13:19:33,Invalid Withdrawal,$0.00,$8.77
2024-06-23 10:43:31,Invalid Withdrawal,$0.00,$8.77
2024-06-23 11:01:07,Invalid Withdrawal,$0.00,$8.77
2024-06-29 13:52:59,Invalid Withdrawal,$0.00,$8.77
2024-07-07 16:49:54,Invalid Withdrawal,$0.00,$8.77
2024-07-16 08:08:08,Invalid Withdrawal,$0.00,$8.77
2024-07-18 12:11:12,Invalid Withdrawal,$0.00,$8.77
2024-07-25 08:39:24,Invalid Withdrawal,$0.00,$8.77
2024-07-26 08:04:24,Invalid Withdrawal,$0.00,$8.77
2024-08-02 16:14:39,Invalid Withdrawal,$0.00,$8.77
2024-08-08 21:18:33,Invalid Withdrawal,$0.00,$8.77
2024-08-09 18:23:38,Invalid Withdrawal,$0.00,$8.77
2024-08-10 11:57:41,Invalid Withdrawal,$0.00,$8.77
