date,description,amount,balance
2023-01-01 12:34:55,AffordableHub - Payment,$-130.90,"$35,652.65"
2023-01-05 19:31:57,StrongLink - Payment,$-35.20,"$35,617.45"
2023-01-06 20:43:42,AffordableHub - Payment,$-114.80,"$35,502.65"
2023-01-07 18:20:01,AffordableHub - Payment,$-157.78,"$35,344.87"
2023-01-15 10:37:52,AffordableHub - Payment,$-187.70,"$35,157.17"
2023-01-20 16:11:12,AffordableHub - Payment,$-79.98,"$35,077.19"
2023-01-22 21:22:36,Flexin - Payment,$-183.70,"$34,893.49"
2023-01-28 12:23:01,AffordableHub - Payment,$-199.90,"$34,693.59"
2023-02-12 13:45:01,Flexin - Payment,$-48.88,"$34,644.71"
2023-02-16 11:36:36,AffordableHub - Payment,$-27.21,"$34,617.50"
2023-02-21 11:07:13,Healthn - Payment,$-91.87,"$34,525.63"
2023-03-01 21:21:47,AffordableHub - Payment,$-61.72,"$34,463.91"
2023-03-04 21:46:33,Flexin - Payment,$-98.79,"$34,365.12"
2023-03-06 14:57:34,Flexin - Payment,$-193.79,"$34,024.50"
2023-03-06 20:35:12,AffordableHub - Payment,$-146.83,"$34,218.29"
2023-03-12 15:22:25,AffordableHub - Payment,$-80.96,"$33,943.54"
2023-03-12 21:31:03,Flexin - Payment,$-100.28,"$33,843.26"
2023-03-18 12:48:55,Flexin - Payment,$-47.39,"$33,755.17"
2023-03-18 21:54:03,Foodr - Payment,$-40.70,"$33,802.56"
2023-03-19 09:51:15,AffordableHub - Payment,$-100.17,"$33,655.00"
2023-03-20 13:15:48,AffordableHub - Payment,$-56.20,"$33,598.80"
2023-03-24 08:00:29,AffordableHub - Payment,$-159.69,"$33,439.11"
2023-03-24 15:38:28,Flexin - Payment,$-123.22,"$33,315.89"
2023-03-26 14:45:44,AffordableHub - Payment,$-70.16,"$33,245.73"
2023-03-26 20:17:09,Flexin - Payment,$-121.85,"$33,123.88"
2023-03-29 10:52:51,Flexin - Payment,$-85.34,"$33,038.54"
2023-03-30 16:34:59,youGrocery - Payment,$-117.50,"$32,921.04"
2023-04-01 18:58:19,Flexin - Payment,$-148.93,"$32,772.11"
2023-04-02 12:42:20,AffordableHub - Payment,$-149.56,"$32,622.55"
2023-04-04 11:50:18,Flexin - Payment,$-156.41,"$32,466.14"
2023-04-05 13:44:30,Flexin - Payment,$-170.66,"$32,295.48"
2023-04-07 11:50:56,AffordableHub - Payment,$-25.49,"$32,269.99"
2023-04-10 10:21:37,AffordableHub - Payment,$-41.45,"$32,228.54"
2023-04-10 13:48:41,Flexin - Payment,$-87.77,"$32,140.77"
2023-04-11 13:34:13,StrongLink - Payment,$-174.10,"$31,939.00"
2023-04-11 16:17:01,AffordableHub - Payment,$-27.67,"$32,113.10"
2023-04-12 15:00:58,AffordableHub - Payment,$-175.89,"$31,763.11"
2023-04-16 10:11:01,StrongLink - Payment,$-122.31,"$31,640.80"
2023-04-17 15:28:47,AffordableHub - Payment,$-95.11,"$31,545.69"
2023-04-18 17:13:05,AffordableHub - Payment,$-173.90,"$31,371.79"
2023-04-20 19:29:15,AffordableHub - Payment,$-132.91,"$31,238.88"
2023-04-22 20:27:40,AffordableHub - Payment,$-89.45,"$31,149.43"
2023-04-27 09:03:28,Flexin - Payment,$-140.62,"$31,008.81"
2023-05-02 12:50:54,AffordableHub - Payment,$-89.13,"$30,919.68"
2023-05-07 08:08:47,Healthn - Payment,$-138.84,"$30,780.84"
2023-05-09 08:46:01,AffordableHub - Payment,$-105.57,"$30,675.27"
2023-05-10 08:51:14,Flexin - Payment,$-136.80,"$30,538.47"
2023-05-13 09:38:27,Flexin - Payment,$-113.26,"$30,425.21"
2023-05-14 11:49:45,Flexin - Payment,$-159.41,"$30,265.80"
2023-05-15 10:31:18,Flexin - Payment,$-196.99,"$30,068.81"
2023-05-18 20:04:36,StrongLink - Payment,$-29.67,"$30,039.14"
2023-05-26 16:17:05,Flexin - Payment,$-39.58,"$29,999.56"
2023-06-05 14:24:55,AffordableHub - Payment,$-172.40,"$29,827.16"
2023-06-05 15:01:01,Flexin - Payment,$-41.82,"$29,785.34"
2023-06-07 09:31:25,AffordableHub - Payment,$-33.56,"$29,751.78"
2023-06-09 10:45:55,Fitr - Payment,$-107.10,"$29,644.68"
2023-06-15 19:26:33,AffordableHub - Payment,$-53.59,"$29,591.09"
2023-06-26 10:32:14,AffordableHub - Payment,$-53.71,"$29,537.38"
2023-06-27 21:45:52,Fitr - Payment,$-86.93,"$29,450.45"
2023-06-28 14:07:21,AffordableHub - Payment,$-22.13,"$29,428.32"
2023-06-29 10:42:53,Fitr - Payment,$-167.22,"$29,261.10"
2023-06-30 08:26:03,Fitr - Payment,$-141.57,"$29,119.53"
2023-07-02 21:10:33,Flexin - Payment,$-58.15,"$29,061.38"
2023-07-04 16:09:21,StrongLink - Payment,$-31.47,"$29,029.91"
2023-07-20 15:01:21,Flexin - Payment,$-144.33,"$28,885.58"
2023-07-21 08:59:03,AffordableHub - Payment,$-110.90,"$28,774.68"
2023-07-26 21:34:42,Flexin - Payment,$-67.87,"$28,706.81"
2023-08-06 17:49:40,Healthn - Payment,$-44.11,"$28,662.70"
2023-08-09 08:51:12,Fitr - Payment,$-81.14,"$28,581.56"
2023-08-13 11:35:58,Flexin - Payment,$-50.92,"$28,530.64"
2023-08-17 18:41:36,AffordableHub - Payment,$-150.67,"$28,379.97"
2023-08-18 12:25:18,Flexin - Payment,$-22.53,"$28,357.44"
2023-08-21 10:55:02,Foodr - Payment,$-185.44,"$28,172.00"
2023-08-23 12:48:40,Fitr - Payment,$-179.62,"$27,992.38"
2023-08-28 20:30:40,AffordableHub - Payment,$-112.55,"$27,879.83"
2023-08-30 16:00:40,AffordableHub - Payment,$-187.47,"$27,692.36"
2023-08-31 14:25:17,AffordableHub - Payment,$-72.20,"$27,620.16"
2023-09-02 16:37:43,Flexin - Payment,$-56.25,"$27,563.91"
2023-09-03 08:40:37,AffordableHub - Payment,$-112.63,"$27,451.28"
2023-09-05 11:56:30,AffordableHub - Payment,$-108.42,"$27,342.86"
2023-09-07 14:31:52,youGrocery - Payment,$-47.12,"$27,295.74"
2023-09-09 08:56:02,Foodr - Payment,$-158.60,"$27,137.14"
2023-09-11 17:25:20,AffordableHub - Payment,$-51.55,"$27,085.59"
2023-09-13 20:06:32,AffordableHub - Payment,$-122.58,"$26,963.01"
2023-09-16 21:59:25,Flexin - Payment,$-86.67,"$26,876.34"
2023-09-19 14:36:04,Flexin - Payment,$-108.87,"$26,767.47"
2023-09-29 10:28:31,Flexin - Payment,$-79.00,"$26,688.47"
2023-09-30 15:13:58,Flexin - Payment,$-108.33,"$26,580.14"
2023-10-02 12:28:44,Flexin - Payment,$-121.11,"$26,459.03"
2023-10-16 11:56:39,AffordableHub - Payment,$-175.50,"$26,283.53"
2023-10-18 11:02:48,Flexin - Payment,$-130.98,"$26,152.55"
2023-10-26 08:14:38,Flexin - Payment,$-101.35,"$26,051.20"
2023-11-01 21:50:08,Flexin - Payment,$-164.74,"$25,886.46"
2023-11-08 14:19:37,Flexin - Payment,$-150.12,"$25,736.34"
2023-11-09 14:02:01,AffordableHub - Payment,$-155.20,"$25,581.14"
2023-11-19 15:33:19,Fitr - Payment,$-198.84,"$25,382.30"
2023-11-23 11:58:17,AffordableHub - Payment,$-41.13,"$25,341.17"
2023-11-25 14:31:08,Healthn - Payment,$-30.30,"$25,310.87"
2023-12-01 19:16:03,AffordableHub - Payment,$-161.64,"$25,149.23"
2023-12-05 10:42:06,AffordableHub - Payment,$-60.29,"$25,088.94"
2023-12-06 11:03:14,StrongLink - Payment,$-118.73,"$24,970.21"
2023-12-08 08:00:26,AffordableHub - Payment,$-133.94,"$24,836.27"
2023-12-10 14:50:27,AffordableHub - Payment,$-141.31,"$24,694.96"
2023-12-17 09:56:39,Flexin - Payment,$-117.15,"$24,577.81"
2023-12-25 10:05:41,Flexin - Payment,$-25.00,"$24,552.81"
2023-12-27 12:41:56,Flexin - Payment,$-180.90,"$24,371.91"
2023-12-28 14:28:20,Flexin - Payment,$-139.75,"$24,232.16"
2023-12-30 17:33:43,Flexin - Payment,$-110.28,"$24,121.88"
2023-12-31 16:54:32,AffordableHub - Payment,$-187.81,"$23,934.07"
2024-01-06 11:28:17,Foodr - Payment,$-98.70,"$23,835.37"
2024-01-11 10:49:54,StrongLink - Payment,$-130.59,"$23,576.63"
2024-01-11 20:52:56,AffordableHub - Payment,$-128.15,"$23,707.22"
2024-01-12 11:43:53,Flexin - Payment,$-67.49,"$23,509.14"
2024-01-15 15:00:46,Flexin - Payment,$-152.92,"$23,356.22"
2024-01-16 08:40:28,AffordableHub - Payment,$-135.55,"$23,220.67"
2024-01-19 11:18:15,AffordableHub - Payment,$-157.16,"$23,063.51"
2024-01-21 10:21:34,Flexin - Payment,$-43.60,"$22,835.61"
2024-01-21 15:15:41,youGrocery - Payment,$-184.30,"$22,879.21"
2024-01-23 20:52:07,Flexin - Payment,$-198.46,"$22,637.15"
2024-01-29 21:26:28,Flexin - Payment,$-196.74,"$22,440.41"
2024-02-01 19:11:23,Flexin - Payment,$-153.27,"$22,287.14"
2024-02-07 21:20:43,Foodr - Payment,$-178.61,"$22,108.53"
2024-02-08 17:03:23,StrongLink - Payment,$-130.23,"$21,978.30"
2024-02-24 10:49:40,Flexin - Payment,$-183.90,"$21,794.40"
2024-02-25 16:51:43,AffordableHub - Payment,$-156.79,"$21,637.61"
2024-02-26 08:18:32,Flexin - Payment,$-196.10,"$21,441.51"
2024-03-04 13:10:05,Flexin - Payment,$-129.16,"$21,312.35"
2024-03-12 21:14:01,AffordableHub - Payment,$-119.17,"$21,193.18"
2024-03-16 20:42:44,Flexin - Payment,$-153.80,"$21,039.38"
2024-03-26 12:23:56,Flexin - Payment,$-64.98,"$20,974.40"
2024-03-30 12:49:32,AffordableHub - Payment,$-159.54,"$20,814.86"
2024-04-04 08:18:37,Healthn - Payment,$-43.39,"$20,771.47"
2024-04-06 21:05:21,StrongLink - Payment,$-192.55,"$20,578.92"
2024-04-08 11:19:25,Flexin - Payment,$-113.42,"$20,465.50"
2024-04-18 11:41:40,AffordableHub - Payment,$-59.11,"$20,406.39"
2024-04-21 10:05:01,youGrocery - Payment,$-116.96,"$20,289.43"
2024-04-23 17:36:25,Flexin - Payment,$-82.17,"$20,207.26"
2024-04-27 17:10:24,AffordableHub - Payment,$-156.83,"$20,050.43"
2024-04-29 13:51:36,AffordableHub - Payment,$-53.63,"$19,996.80"
2024-05-02 14:46:30,AffordableHub - Payment,$-94.70,"$19,902.10"
2024-05-03 15:34:58,Flexin - Payment,$-64.37,"$19,731.32"
2024-05-03 19:50:27,Healthn - Payment,$-106.41,"$19,795.69"
2024-05-08 13:52:29,AffordableHub - Payment,$-64.59,"$19,666.73"
2024-05-12 09:20:40,AffordableHub - Payment,$-27.54,"$19,639.19"
2024-05-15 10:49:41,AffordableHub - Payment,$-85.23,"$19,553.96"
2024-05-18 15:21:51,AffordableHub - Payment,$-132.55,"$19,421.41"
2024-05-19 19:48:22,AffordableHub - Payment,$-86.10,"$19,335.31"
2024-05-20 21:36:56,Fitr - Payment,$-171.35,"$19,163.96"
2024-05-25 13:36:08,Foodr - Payment,$-185.00,"$18,978.96"
2024-05-25 21:20:07,Flexin - Payment,$-78.84,"$18,900.12"
2024-06-05 12:05:07,AffordableHub - Payment,$-167.69,"$18,732.43"
2024-06-05 16:11:13,Flexin - Payment,$-166.37,"$18,566.06"
2024-06-08 12:14:16,AffordableHub - Payment,$-193.59,"$18,372.47"
2024-06-12 08:53:24,Flexin - Payment,$-56.93,"$18,260.65"
2024-06-12 11:52:33,AffordableHub - Payment,$-54.89,"$18,317.58"
2024-06-14 09:59:21,Flexin - Payment,$-130.33,"$18,130.32"
2024-06-15 21:43:31,Flexin - Payment,$-158.25,"$17,972.07"
2024-06-20 21:17:08,Flexin - Payment,$-123.41,"$17,848.66"
2024-06-30 09:47:53,Flexin - Payment,$-141.00,"$17,707.66"
2024-07-08 16:18:38,Flexin - Payment,$-66.40,"$17,641.26"
2024-07-10 11:26:19,AffordableHub - Payment,$-190.20,"$17,451.06"
2024-07-14 12:54:01,Foodr - Payment,$-28.31,"$17,422.75"
2024-07-16 11:25:38,Flexin - Payment,$-119.60,"$17,303.15"
2024-07-20 16:30:42,StrongLink - Payment,$-74.73,"$17,228.42"
2024-07-26 12:29:35,AffordableHub - Payment,$-138.32,"$17,090.10"
2024-08-02 08:02:51,AffordableHub - Payment,$-168.22,"$16,921.88"
2024-08-05 09:58:41,AffordableHub - Payment,$-58.20,"$16,863.68"
2024-08-08 17:45:52,Flexin - Payment,$-191.54,"$16,672.14"
2024-08-09 13:12:51,Flexin - Payment,$-186.71,"$16,485.43"
