date,description,amount,balance
2023-01-01 16:01:56,Fitr - Payment,$-21.61,"$36,950.08"
2023-01-02 11:52:04,Flexin - Payment,$-153.96,"$36,796.12"
2023-01-03 20:44:25,Healthn - Payment,$-132.82,"$36,663.30"
2023-01-04 11:27:43,Fitr - Payment,$-29.93,"$36,633.37"
2023-01-05 16:28:41,Fitr - Payment,$-43.67,"$36,589.70"
2023-01-06 00:00:00,Purchase by Healthn,"$3,000.00","$39,409.52"
2023-01-06 18:22:22,Fitr - Payment,$-180.18,"$36,409.52"
2023-01-07 16:09:48,Healthn - Payment,$-33.58,"$39,375.94"
2023-01-08 20:26:36,Fitr - Payment,$-184.19,"$39,191.75"
2023-01-09 21:32:49,Flexin - Payment,$-166.54,"$39,025.21"
2023-01-13 00:00:00,Purchase by Healthn,"$3,000.00","$41,965.22"
2023-01-13 13:36:27,Healthn - Payment,$-59.99,"$38,965.22"
2023-01-14 12:33:25,Fitr - Payment,$-119.19,"$41,846.03"
2023-01-16 18:19:00,Healthn - Payment,$-117.30,"$41,728.73"
2023-01-16 18:52:56,Fitr - Payment,$-63.39,"$41,665.34"
2023-01-18 10:18:05,Fitr - Payment,$-107.30,"$41,558.04"
2023-01-19 14:21:04,Fitr - Payment,$-127.23,"$41,430.81"
2023-01-20 00:00:00,Purchase by Healthn,"$3,000.00","$44,430.81"
2023-01-23 15:27:03,Healthn - Payment,$-123.77,"$44,307.04"
2023-01-25 17:07:44,StrongLink - Payment,$-68.63,"$44,238.41"
2023-01-27 00:00:00,Purchase by Healthn,"$3,000.00","$47,202.09"
2023-01-27 09:26:09,Fitr - Payment,$-36.32,"$44,202.09"
2023-01-28 10:43:11,Flexin - Payment,$-152.83,"$47,049.26"
2023-01-29 15:57:45,Healthn - Payment,$-97.36,"$46,951.90"
2023-01-31 18:10:09,Fitr - Payment,$-112.72,"$46,839.18"
2023-02-02 11:15:56,AffordableHub - Payment,$-144.70,"$46,694.48"
2023-02-03 00:00:00,Purchase by Healthn,"$3,000.00","$49,694.48"
2023-02-07 19:25:31,Fitr - Payment,$-52.11,"$49,642.37"
2023-02-08 21:25:34,Flexin - Payment,$-76.28,"$49,566.09"
2023-02-10 00:00:00,Purchase by Healthn,"$3,000.00","$52,409.49"
2023-02-10 17:20:23,Fitr - Payment,$-156.60,"$49,409.49"
2023-02-15 13:05:29,youGrocery - Payment,$-67.44,"$52,342.05"
2023-02-16 14:09:24,StrongLink - Payment,$-34.26,"$52,307.79"
2023-02-17 00:00:00,Purchase by Healthn,"$3,000.00","$55,254.19"
2023-02-17 14:21:55,Healthn - Payment,$-53.60,"$52,254.19"
2023-02-19 09:25:07,Fitr - Payment,$-84.27,"$55,068.01"
2023-02-19 15:20:00,Healthn - Payment,$-101.91,"$55,152.28"
2023-02-20 16:30:58,Fitr - Payment,$-52.58,"$55,015.43"
2023-02-23 17:22:51,Fitr - Payment,$-159.54,"$54,855.89"
2023-02-24 00:00:00,Purchase by Healthn,"$3,000.00","$57,855.89"
2023-02-25 08:27:58,Fitr - Payment,$-34.26,"$57,821.63"
2023-02-27 16:15:47,Fitr - Payment,$-36.40,"$57,785.23"
2023-02-28 10:29:48,StrongLink - Payment,$-80.16,"$57,683.09"
2023-02-28 15:59:39,Healthn - Payment,$-21.98,"$57,763.25"
2023-03-03 00:00:00,Purchase by Healthn,"$3,000.00","$60,551.92"
2023-03-03 17:45:32,Flexin - Payment,$-131.17,"$57,551.92"
2023-03-04 14:22:40,Fitr - Payment,$-158.83,"$60,393.09"
2023-03-07 18:37:24,Fitr - Payment,$-148.30,"$60,244.79"
2023-03-09 16:10:08,Healthn - Payment,$-187.94,"$60,056.85"
2023-03-09 21:52:32,StrongLink - Payment,$-80.24,"$59,976.61"
2023-03-10 00:00:00,Purchase by Healthn,"$3,000.00","$62,976.61"
2023-03-11 12:07:17,youGrocery - Payment,$-28.90,"$62,947.71"
2023-03-12 10:58:09,Foodr - Payment,$-124.60,"$62,823.11"
2023-03-13 09:43:22,Fitr - Payment,$-169.88,"$62,653.23"
2023-03-14 18:25:54,Healthn - Payment,$-178.18,"$62,475.05"
2023-03-14 18:49:43,Fitr - Payment,$-100.00,"$62,375.05"
2023-03-15 12:39:45,Fitr - Payment,$-80.12,"$62,294.93"
2023-03-16 15:45:45,StrongLink - Payment,$-57.73,"$62,237.20"
2023-03-17 00:00:00,Purchase by Healthn,"$3,000.00","$65,237.20"
2023-03-18 12:38:10,StrongLink - Payment,$-158.68,"$65,078.52"
2023-03-20 10:22:56,Fitr - Payment,$-153.36,"$64,925.16"
2023-03-21 08:35:56,Fitr - Payment,$-121.22,"$64,803.94"
2023-03-24 00:00:00,Purchase by Healthn,"$3,000.00","$67,803.94"
2023-03-25 21:55:46,Fitr - Payment,$-21.00,"$67,782.94"
2023-03-27 10:21:56,Healthn - Payment,$-51.13,"$67,731.81"
2023-03-28 19:00:33,Fitr - Payment,$-92.59,"$67,639.22"
2023-03-29 08:03:45,Healthn - Payment,$-125.30,"$67,513.92"
2023-03-31 00:00:00,Purchase by Healthn,"$3,000.00","$70,513.92"
2023-04-01 08:23:14,youGrocery - Payment,$-124.65,"$70,389.27"
2023-04-02 09:48:09,Flexin - Payment,$-96.88,"$70,292.39"
2023-04-05 08:21:21,Healthn - Payment,$-87.16,"$70,205.23"
2023-04-05 21:42:35,Fitr - Payment,$-80.20,"$70,125.03"
2023-04-07 00:00:00,Purchase by Healthn,"$3,000.00","$72,989.03"
2023-04-07 14:17:28,Fitr - Payment,$-136.00,"$69,989.03"
2023-04-08 14:18:54,Fitr - Payment,$-144.92,"$72,844.11"
2023-04-10 08:47:05,Healthn - Payment,$-80.63,"$72,763.48"
2023-04-12 13:24:40,Healthn - Payment,$-194.39,"$72,569.09"
2023-04-14 00:00:00,Purchase by Healthn,"$3,000.00","$75,485.93"
2023-04-14 11:38:27,Fitr - Payment,$-83.16,"$72,485.93"
2023-04-15 20:42:35,Fitr - Payment,$-21.30,"$75,464.63"
2023-04-16 10:44:16,Fitr - Payment,$-179.97,"$75,284.66"
2023-04-19 15:14:34,Fitr - Payment,$-145.74,"$75,138.92"
2023-04-20 15:45:18,Flexin - Payment,$-75.39,"$74,886.15"
2023-04-20 21:49:15,Healthn - Payment,$-177.38,"$74,961.54"
2023-04-21 00:00:00,Purchase by Healthn,"$3,000.00","$77,772.19"
2023-04-21 15:17:07,Healthn - Payment,$-113.96,"$74,772.19"
2023-04-24 12:06:55,Fitr - Payment,$-35.19,"$77,737.00"
2023-04-25 11:08:39,Healthn - Payment,$-77.37,"$77,659.63"
2023-04-25 14:52:02,Fitr - Payment,$-93.15,"$77,566.48"
2023-04-27 17:53:48,Healthn - Payment,$-116.29,"$77,450.19"
2023-04-28 00:00:00,Purchase by Healthn,"$3,000.00","$80,338.60"
2023-04-28 12:09:54,Fitr - Payment,$-111.59,"$77,338.60"
2023-04-29 10:39:45,Fitr - Payment,$-121.49,"$80,217.11"
2023-05-01 10:05:04,youGrocery - Payment,$-127.87,"$80,089.24"
2023-05-02 09:28:07,Flexin - Payment,$-55.76,"$80,033.48"
2023-05-03 16:39:41,Fitr - Payment,$-40.50,"$79,921.71"
2023-05-03 17:44:02,Foodr - Payment,$-71.27,"$79,962.21"
2023-05-05 00:00:00,Purchase by Healthn,"$3,000.00","$82,825.39"
2023-05-05 10:20:46,Fitr - Payment,$-96.32,"$79,825.39"
2023-05-07 20:49:18,Fitr - Payment,$-197.30,"$82,628.09"
2023-05-08 13:46:28,StrongLink - Payment,$-191.33,"$82,436.76"
2023-05-10 15:12:11,Healthn - Payment,$-125.66,"$82,311.10"
2023-05-11 09:10:18,Fitr - Payment,$-25.84,"$82,285.26"
2023-05-12 00:00:00,Purchase by Healthn,"$3,000.00","$85,156.70"
2023-05-12 17:17:40,Flexin - Payment,$-128.56,"$82,156.70"
2023-05-13 12:49:31,Fitr - Payment,$-119.44,"$85,037.26"
2023-05-15 10:53:06,Fitr - Payment,$-77.23,"$84,960.03"
2023-05-16 14:22:25,Healthn - Payment,$-76.69,"$84,883.34"
2023-05-17 18:27:59,Healthn - Payment,$-67.17,"$84,816.17"
2023-05-17 20:16:34,Flexin - Payment,$-145.75,"$84,670.42"
2023-05-19 00:00:00,Purchase by Healthn,"$3,000.00","$87,670.42"
2023-05-21 09:01:56,Fitr - Payment,$-137.42,"$87,428.83"
2023-05-21 09:34:45,Healthn - Payment,$-104.17,"$87,566.25"
2023-05-22 21:03:52,Fitr - Payment,$-168.45,"$87,260.38"
2023-05-24 11:27:05,Healthn - Payment,$-22.72,"$87,237.66"
2023-05-26 00:00:00,Purchase by Healthn,"$3,000.00","$90,237.66"
2023-05-27 14:01:21,Healthn - Payment,$-85.24,"$90,152.42"
2023-05-27 19:45:37,StrongLink - Payment,$-24.73,"$90,127.69"
2023-05-29 16:10:59,Fitr - Payment,$-146.99,"$89,980.70"
2023-05-31 19:38:01,Fitr - Payment,$-153.90,"$89,826.80"
2023-06-01 18:06:13,StrongLink - Payment,$-52.28,"$89,774.52"
2023-06-02 00:00:00,Purchase by Healthn,"$3,000.00","$92,606.22"
2023-06-02 17:15:51,Healthn - Payment,$-168.30,"$89,606.22"
2023-06-03 17:31:02,Fitr - Payment,$-68.62,"$92,537.60"
2023-06-05 09:35:44,youGrocery - Payment,$-120.30,"$92,417.30"
2023-06-07 09:39:10,Fitr - Payment,$-91.30,"$92,326.00"
2023-06-08 10:21:24,Flexin - Payment,$-21.71,"$92,168.54"
2023-06-08 18:17:26,Healthn - Payment,$-135.75,"$92,190.25"
2023-06-09 00:00:00,Purchase by Healthn,"$3,000.00","$95,049.32"
2023-06-09 18:03:32,Foodr - Payment,$-119.22,"$92,049.32"
2023-06-11 15:08:46,Fitr - Payment,$-141.38,"$94,907.94"
2023-06-12 10:37:23,Fitr - Payment,$-197.00,"$94,710.94"
2023-06-13 14:27:00,Fitr - Payment,$-110.48,"$94,600.46"
2023-06-16 00:00:00,Purchase by Healthn,"$3,000.00","$97,600.46"
2023-06-20 08:38:44,Healthn - Payment,$-55.69,"$97,544.77"
2023-06-20 14:05:42,Flexin - Payment,$-41.77,"$97,503.00"
2023-06-21 11:47:20,Healthn - Payment,$-146.62,"$97,356.38"
2023-06-23 00:00:00,Purchase by Healthn,"$3,000.00","$100,356.38"
2023-06-24 09:08:52,Flexin - Payment,$-158.00,"$100,198.38"
2023-06-25 10:11:54,Foodr - Payment,$-191.81,"$100,006.57"
2023-06-30 00:00:00,Purchase by Healthn,"$3,000.00","$103,006.57"
2023-07-01 12:56:43,Fitr - Payment,$-58.78,"$102,947.79"
2023-07-03 20:22:25,Fitr - Payment,$-75.80,"$102,871.99"
2023-07-04 15:01:09,Fitr - Payment,$-82.17,"$102,789.82"
2023-07-05 15:14:46,Fitr - Payment,$-34.60,"$102,755.22"
2023-07-06 16:29:41,StrongLink - Payment,$-142.79,"$102,612.43"
2023-07-07 00:00:00,Purchase by Healthn,"$3,000.00","$105,540.05"
2023-07-07 13:53:23,StrongLink - Payment,$-72.38,"$102,540.05"
2023-07-09 17:02:07,Fitr - Payment,$-23.67,"$105,516.38"
2023-07-11 16:57:10,Fitr - Payment,$-55.63,"$105,460.75"
2023-07-13 16:51:38,Fitr - Payment,$-161.40,"$105,299.35"
2023-07-14 00:00:00,Purchase by Healthn,"$3,000.00","$108,140.91"
2023-07-14 14:03:07,Flexin - Payment,$-158.44,"$105,140.91"
2023-07-16 16:02:01,Fitr - Payment,$-64.78,"$107,987.52"
2023-07-16 18:53:15,youGrocery - Payment,$-88.61,"$108,052.30"
2023-07-17 18:48:53,Fitr - Payment,$-178.96,"$107,808.56"
2023-07-18 16:31:14,Flexin - Payment,$-46.34,"$107,762.22"
2023-07-21 00:00:00,Purchase by Healthn,"$3,000.00","$110,658.98"
2023-07-21 16:39:24,Fitr - Payment,$-103.24,"$107,658.98"
2023-07-22 18:03:19,Fitr - Payment,$-179.80,"$110,479.18"
2023-07-23 20:30:11,Fitr - Payment,$-42.67,"$110,436.51"
2023-07-24 08:00:16,Fitr - Payment,$-60.27,"$110,242.39"
2023-07-24 20:36:33,Healthn - Payment,$-133.85,"$110,302.66"
2023-07-25 15:44:16,Fitr - Payment,$-33.36,"$110,209.03"
2023-07-26 11:26:13,Fitr - Payment,$-112.89,"$110,096.14"
2023-07-27 08:46:50,Healthn - Payment,$-190.36,"$109,905.78"
2023-07-28 00:00:00,Purchase by Healthn,"$3,000.00","$112,905.78"
2023-07-30 08:51:28,Fitr - Payment,$-117.62,"$112,666.01"
2023-07-30 12:59:05,Healthn - Payment,$-122.15,"$112,783.63"
2023-08-03 08:06:47,Fitr - Payment,$-149.99,"$112,427.66"
2023-08-03 12:48:58,Healthn - Payment,$-88.36,"$112,577.65"
2023-08-04 00:00:00,Purchase by Healthn,"$3,000.00","$115,267.24"
2023-08-04 16:40:09,Fitr - Payment,$-160.42,"$112,267.24"
2023-08-07 21:14:34,Healthn - Payment,$-72.21,"$115,195.03"
2023-08-08 13:47:14,Fitr - Payment,$-121.78,"$115,073.25"
2023-08-10 14:38:42,Fitr - Payment,$-46.69,"$115,026.56"
2023-08-11 00:00:00,Purchase by Healthn,"$3,000.00","$118,026.56"
2023-08-14 09:03:28,Fitr - Payment,$-101.23,"$117,925.33"
2023-08-15 08:16:18,Fitr - Payment,$-24.89,"$117,900.44"
2023-08-16 14:44:13,Foodr - Payment,$-36.98,"$117,863.46"
2023-08-16 17:37:55,Fitr - Payment,$-105.44,"$117,758.02"
2023-08-18 00:00:00,Purchase by Healthn,"$3,000.00","$120,758.02"
2023-08-20 14:19:39,Fitr - Payment,$-99.53,"$120,658.49"
2023-08-21 13:24:23,Fitr - Payment,$-176.41,"$120,482.08"
2023-08-22 13:57:21,Fitr - Payment,$-144.93,"$120,337.15"
2023-08-24 15:54:48,Fitr - Payment,$-140.55,"$120,196.60"
2023-08-25 00:00:00,Purchase by Healthn,"$3,000.00","$123,048.67"
2023-08-25 13:43:12,Foodr - Payment,$-147.93,"$120,048.67"
2023-08-26 13:07:02,Healthn - Payment,$-66.34,"$122,982.33"
2023-08-30 11:06:22,Fitr - Payment,$-64.64,"$122,917.69"
2023-09-01 00:00:00,Purchase by Healthn,"$3,000.00","$125,825.80"
2023-09-01 10:38:02,Foodr - Payment,$-91.89,"$122,825.80"
2023-09-02 11:40:47,Fitr - Payment,$-102.52,"$125,723.28"
2023-09-04 15:46:06,Healthn - Payment,$-110.70,"$125,612.58"
2023-09-05 08:15:06,Healthn - Payment,$-161.64,"$125,450.94"
2023-09-06 17:31:22,Fitr - Payment,$-136.24,"$125,314.70"
2023-09-07 17:00:05,Fitr - Payment,$-80.81,"$125,233.89"
2023-09-08 00:00:00,Purchase by Healthn,"$3,000.00","$128,233.89"
2023-09-15 00:00:00,Purchase by Healthn,"$3,000.00","$131,184.89"
2023-09-15 15:53:32,Healthn - Payment,$-49.00,"$128,184.89"
2023-09-16 10:26:33,Fitr - Payment,$-21.45,"$131,036.58"
2023-09-16 18:25:13,Healthn - Payment,$-126.86,"$131,058.03"
2023-09-20 18:01:49,Fitr - Payment,$-139.13,"$130,897.45"
2023-09-21 08:00:48,Fitr - Payment,$-70.89,"$130,826.56"
2023-09-22 00:00:00,Purchase by Healthn,"$3,000.00","$133,826.56"
2023-09-24 16:41:01,Fitr - Payment,$-99.55,"$133,727.01"
2023-09-25 10:07:38,Flexin - Payment,$-80.85,"$133,646.16"
2023-09-27 19:14:42,Fitr - Payment,$-78.42,"$133,567.74"
2023-09-28 11:01:01,Flexin - Payment,$-192.19,"$133,375.55"
2023-09-29 00:00:00,Purchase by Healthn,"$3,000.00","$136,375.55"
2023-10-01 18:19:58,Healthn - Payment,$-124.80,"$136,250.75"
2023-10-01 21:28:27,Fitr - Payment,$-187.40,"$136,063.35"
2023-10-03 13:58:28,Fitr - Payment,$-42.84,"$136,020.51"
2023-10-04 18:09:34,StrongLink - Payment,$-188.33,"$135,832.18"
2023-10-05 10:25:15,Fitr - Payment,$-28.80,"$135,803.38"
2023-10-06 00:00:00,Purchase by Healthn,"$3,000.00","$138,738.49"
2023-10-06 16:14:35,Fitr - Payment,$-64.89,"$135,738.49"
2023-10-07 15:33:52,Fitr - Payment,$-52.45,"$138,686.04"
2023-10-08 09:26:39,Healthn - Payment,$-22.45,"$138,663.59"
2023-10-09 08:06:55,Healthn - Payment,$-78.12,"$138,585.47"
2023-10-11 12:55:27,Fitr - Payment,$-43.49,"$138,541.98"
2023-10-12 19:47:52,Healthn - Payment,$-65.10,"$138,476.88"
2023-10-13 00:00:00,Purchase by Healthn,"$3,000.00","$141,278.19"
2023-10-13 13:57:30,Fitr - Payment,$-198.69,"$138,278.19"
2023-10-14 18:06:35,Fitr - Payment,$-181.73,"$141,048.93"
2023-10-14 21:02:55,Healthn - Payment,$-47.53,"$141,230.66"
2023-10-15 15:15:44,Fitr - Payment,$-55.58,"$140,993.35"
2023-10-16 08:27:49,Healthn - Payment,$-183.17,"$140,810.18"
2023-10-20 00:00:00,Purchase by Healthn,"$3,000.00","$143,679.91"
2023-10-20 13:58:58,StrongLink - Payment,$-130.27,"$140,679.91"
2023-10-21 16:36:12,Healthn - Payment,$-190.42,"$143,489.49"
2023-10-21 20:26:50,Fitr - Payment,$-51.27,"$143,438.22"
2023-10-22 09:39:44,Fitr - Payment,$-24.20,"$143,414.02"
2023-10-23 10:38:26,Flexin - Payment,$-197.63,"$143,216.39"
2023-10-25 12:43:28,Healthn - Payment,$-197.35,"$143,019.04"
2023-10-25 18:52:52,Fitr - Payment,$-137.74,"$142,881.30"
2023-10-26 19:25:29,Fitr - Payment,$-24.70,"$142,856.60"
2023-10-27 00:00:00,Purchase by Healthn,"$3,000.00","$145,856.60"
2023-10-30 11:44:13,Healthn - Payment,$-178.50,"$145,678.10"
2023-10-31 18:21:58,Fitr - Payment,$-73.69,"$145,604.41"
2023-11-01 13:26:25,Fitr - Payment,$-199.93,"$145,404.48"
2023-11-02 21:55:51,Fitr - Payment,$-96.83,"$145,307.65"
2023-11-03 00:00:00,Purchase by Healthn,"$3,000.00","$148,266.11"
2023-11-03 08:08:03,Fitr - Payment,$-41.54,"$145,266.11"
2023-11-04 13:54:02,Fitr - Payment,$-158.99,"$148,107.12"
2023-11-09 14:08:39,Fitr - Payment,$-96.19,"$148,010.93"
2023-11-10 00:00:00,Purchase by Healthn,"$3,000.00","$151,010.93"
2023-11-13 12:40:46,Healthn - Payment,$-112.43,"$150,898.50"
2023-11-15 18:07:57,Fitr - Payment,$-64.46,"$150,834.04"
2023-11-17 00:00:00,Purchase by Healthn,"$3,000.00","$153,797.14"
2023-11-17 17:42:52,Healthn - Payment,$-36.90,"$150,797.14"
2023-11-19 09:42:37,StrongLink - Payment,$-75.28,"$153,721.86"
2023-11-21 14:01:22,Fitr - Payment,$-150.29,"$153,571.57"
2023-11-24 00:00:00,Purchase by Healthn,"$3,000.00","$156,511.67"
2023-11-24 10:55:55,Fitr - Payment,$-59.90,"$153,511.67"
2023-11-25 13:23:49,Flexin - Payment,$-96.71,"$156,414.96"
2023-11-27 12:20:23,Fitr - Payment,$-68.40,"$156,346.56"
2023-11-28 14:10:51,StrongLink - Payment,$-174.28,"$156,088.76"
2023-11-28 18:23:34,Healthn - Payment,$-83.52,"$156,263.04"
2023-11-29 12:38:44,Fitr - Payment,$-167.30,"$155,921.46"
2023-11-30 18:10:45,Fitr - Payment,$-89.98,"$155,831.48"
2023-12-01 00:00:00,Purchase by Healthn,"$3,000.00","$158,831.48"
2023-12-02 09:15:24,Foodr - Payment,$-25.30,"$158,806.18"
2023-12-03 11:35:49,Fitr - Payment,$-196.42,"$158,609.76"
2023-12-04 12:04:19,Fitr - Payment,$-70.20,"$158,539.56"
2023-12-06 13:03:53,StrongLink - Payment,$-55.40,"$158,484.16"
2023-12-08 00:00:00,Purchase by Healthn,"$3,000.00","$161,295.96"
2023-12-08 21:05:13,Healthn - Payment,$-188.20,"$158,295.96"
2023-12-10 11:27:42,Fitr - Payment,$-192.55,"$161,064.44"
2023-12-10 12:59:39,Healthn - Payment,$-38.97,"$161,256.99"
2023-12-12 15:40:22,Healthn - Payment,$-137.98,"$160,926.46"
2023-12-14 11:49:44,Fitr - Payment,$-42.37,"$160,884.09"
2023-12-15 00:00:00,Purchase by Healthn,"$3,000.00","$163,742.78"
2023-12-15 15:46:15,Fitr - Payment,$-141.31,"$160,742.78"
2023-12-17 19:01:45,Fitr - Payment,$-41.79,"$163,700.99"
2023-12-18 08:37:29,StrongLink - Payment,$-125.78,"$163,575.21"
2023-12-19 10:55:31,Fitr - Payment,$-160.28,"$163,342.17"
2023-12-19 18:21:01,Healthn - Payment,$-72.76,"$163,502.45"
2023-12-20 17:25:06,Healthn - Payment,$-157.98,"$163,184.19"
2023-12-22 00:00:00,Purchase by Healthn,"$3,000.00","$166,184.19"
2023-12-23 18:25:49,Healthn - Payment,$-151.91,"$166,032.28"
2023-12-24 09:23:45,Fitr - Payment,$-115.71,"$165,916.57"
2023-12-25 17:56:45,Fitr - Payment,$-65.94,"$165,850.63"
2023-12-27 12:45:29,Healthn - Payment,$-120.36,"$165,730.27"
2023-12-28 11:37:05,Healthn - Payment,$-180.35,"$165,549.92"
2023-12-28 14:53:51,StrongLink - Payment,$-23.90,"$165,526.02"
2023-12-29 00:00:00,Purchase by Healthn,"$3,000.00","$168,465.45"
2023-12-29 13:39:05,Fitr - Payment,$-38.38,"$165,465.45"
2023-12-29 18:43:31,Foodr - Payment,$-22.19,"$165,503.83"
2023-12-30 15:10:58,Fitr - Payment,$-20.93,"$168,444.52"
2023-12-31 21:39:01,Healthn - Payment,$-124.52,"$168,320.00"
2024-01-02 21:41:02,Fitr - Payment,$-164.33,"$168,155.67"
2024-01-04 19:14:53,Flexin - Payment,$-190.32,"$167,965.35"
2024-01-05 00:00:00,Purchase by Healthn,"$3,000.00","$170,797.17"
2024-01-05 20:50:57,Fitr - Payment,$-168.18,"$167,797.17"
2024-01-07 16:21:04,Fitr - Payment,$-118.94,"$170,678.23"
2024-01-09 15:38:54,Fitr - Payment,$-169.88,"$170,508.35"
2024-01-11 17:19:28,Fitr - Payment,$-153.40,"$170,354.95"
2024-01-12 00:00:00,Purchase by Healthn,"$3,000.00","$173,354.95"
2024-01-14 09:44:59,Fitr - Payment,$-25.68,"$173,329.27"
2024-01-15 14:42:45,Healthn - Payment,$-98.83,"$173,230.44"
2024-01-15 16:23:21,Fitr - Payment,$-183.16,"$173,047.28"
2024-01-16 11:49:51,Healthn - Payment,$-134.52,"$172,912.76"
2024-01-18 08:35:12,Healthn - Payment,$-88.25,"$172,824.51"
2024-01-18 20:41:21,Fitr - Payment,$-85.96,"$172,738.55"
2024-01-19 00:00:00,Purchase by Healthn,"$3,000.00","$175,738.55"
2024-01-21 19:18:31,Fitr - Payment,$-107.56,"$175,630.99"
2024-01-22 08:14:23,Healthn - Payment,$-179.67,"$175,451.32"
2024-01-24 19:15:54,Fitr - Payment,$-54.40,"$175,396.92"
2024-01-25 08:42:22,Foodr - Payment,$-171.78,"$175,225.14"
2024-01-25 21:19:26,Fitr - Payment,$-100.10,"$175,125.04"
2024-01-26 00:00:00,Purchase by Healthn,"$3,000.00","$177,940.94"
2024-01-26 16:20:09,Fitr - Payment,$-62.31,"$174,940.94"
2024-01-26 16:25:44,Healthn - Payment,$-121.79,"$175,003.25"
2024-01-28 14:23:43,Healthn - Payment,$-124.34,"$177,816.60"
2024-01-29 13:03:01,Fitr - Payment,$-142.36,"$177,674.24"
2024-01-30 08:45:51,Fitr - Payment,$-104.60,"$177,569.64"
2024-02-01 10:10:39,Fitr - Payment,$-26.60,"$177,543.04"
2024-02-02 00:00:00,Purchase by Healthn,"$3,000.00","$180,393.92"
2024-02-02 18:45:42,Fitr - Payment,$-149.12,"$177,393.92"
2024-02-03 11:06:14,Flexin - Payment,$-71.57,"$180,322.35"
2024-02-04 11:48:45,Foodr - Payment,$-139.85,"$180,182.50"
2024-02-06 17:18:50,Foodr - Payment,$-156.99,"$180,025.51"
2024-02-06 18:31:23,Fitr - Payment,$-49.25,"$179,976.26"
2024-02-08 10:21:30,Fitr - Payment,$-170.97,"$179,805.29"
2024-02-09 00:00:00,Purchase by Healthn,"$3,000.00","$182,556.93"
2024-02-09 08:59:40,Flexin - Payment,$-137.99,"$179,556.93"
2024-02-09 12:51:35,Healthn - Payment,$-110.37,"$179,694.92"
2024-02-12 21:35:41,Flexin - Payment,$-150.23,"$182,406.70"
2024-02-13 19:45:20,Fitr - Payment,$-198.21,"$182,208.49"
2024-02-16 00:00:00,Purchase by Healthn,"$3,000.00","$185,011.01"
2024-02-16 19:03:23,Healthn - Payment,$-197.48,"$182,011.01"
2024-02-19 13:30:02,Fitr - Payment,$-131.13,"$184,879.88"
2024-02-23 00:00:00,Purchase by Healthn,"$3,000.00","$187,799.67"
2024-02-23 21:01:38,Fitr - Payment,$-80.21,"$184,799.67"
2024-02-24 13:18:27,youGrocery - Payment,$-161.13,"$187,638.54"
2024-02-25 12:52:34,youGrocery - Payment,$-76.47,"$187,562.07"
2024-03-01 00:00:00,Purchase by Healthn,"$3,000.00","$190,454.45"
2024-03-01 15:01:05,Flexin - Payment,$-107.62,"$187,454.45"
2024-03-02 18:36:31,Healthn - Payment,$-78.49,"$190,375.96"
2024-03-03 13:53:55,Fitr - Payment,$-82.34,"$190,293.62"
2024-03-04 13:54:42,Fitr - Payment,$-169.30,"$190,124.32"
2024-03-05 10:20:54,StrongLink - Payment,$-147.44,"$189,976.88"
2024-03-08 00:00:00,Purchase by Healthn,"$3,000.00","$192,838.07"
2024-03-08 15:21:45,Healthn - Payment,$-138.81,"$189,838.07"
2024-03-10 21:33:06,Fitr - Payment,$-100.86,"$192,737.21"
2024-03-12 09:23:48,Fitr - Payment,$-129.68,"$192,607.53"
2024-03-13 08:26:12,Fitr - Payment,$-78.34,"$192,529.19"
2024-03-14 12:24:35,Fitr - Payment,$-143.72,"$192,385.47"
2024-03-15 00:00:00,Purchase by Healthn,"$3,000.00","$195,286.74"
2024-03-15 10:34:31,Fitr - Payment,$-98.73,"$192,286.74"
2024-03-19 18:52:54,Fitr - Payment,$-44.39,"$195,242.35"
2024-03-20 21:31:05,Flexin - Payment,$-26.46,"$195,215.89"
2024-03-21 12:06:25,Fitr - Payment,$-71.00,"$195,144.89"
2024-03-22 00:00:00,Purchase by Healthn,"$3,000.00","$198,144.89"
2024-03-23 14:30:05,Fitr - Payment,$-159.64,"$197,985.25"
2024-03-25 17:03:13,Healthn - Payment,$-137.39,"$197,847.86"
2024-03-25 19:27:32,Fitr - Payment,$-118.95,"$197,728.91"
2024-03-26 19:07:38,AffordableHub - Payment,$-116.77,"$197,612.14"
2024-03-26 21:23:16,Fitr - Payment,$-118.96,"$197,493.18"
2024-03-29 00:00:00,Purchase by Healthn,"$3,000.00","$200,493.18"
2024-03-30 15:21:03,Healthn - Payment,$-114.19,"$200,378.99"
2024-04-01 16:15:22,Fitr - Payment,$-105.91,"$200,273.08"
2024-04-04 17:38:46,Fitr - Payment,$-199.36,"$200,073.72"
2024-04-05 00:00:00,Purchase by Healthn,"$3,000.00","$203,073.72"
2024-04-07 08:52:25,Fitr - Payment,$-107.47,"$202,966.25"
2024-04-08 17:32:59,Fitr - Payment,$-139.79,"$202,826.46"
2024-04-10 19:24:04,Fitr - Payment,$-63.45,"$202,763.01"
2024-04-11 13:51:06,Fitr - Payment,$-141.74,"$202,621.27"
2024-04-12 00:00:00,Purchase by Healthn,"$3,000.00","$205,621.27"
2024-04-14 09:53:24,Fitr - Payment,$-66.64,"$205,554.63"
2024-04-15 12:06:34,Healthn - Payment,$-142.68,"$205,411.95"
2024-04-17 18:42:21,Fitr - Payment,$-50.91,"$205,361.04"
2024-04-18 13:49:38,Fitr - Payment,$-159.42,"$205,201.62"
2024-04-19 00:00:00,Purchase by Healthn,"$3,000.00","$208,201.62"
2024-04-20 16:31:10,Healthn - Payment,$-170.82,"$208,030.80"
2024-04-21 08:25:00,Fitr - Payment,$-101.82,"$207,928.98"
2024-04-22 08:14:42,Fitr - Payment,$-123.28,"$207,805.70"
2024-04-25 11:49:06,Fitr - Payment,$-149.84,"$207,655.86"
2024-04-26 00:00:00,Purchase by Healthn,"$3,000.00","$210,575.91"
2024-04-26 18:28:03,Flexin - Payment,$-79.95,"$207,575.91"
2024-04-27 20:19:55,Fitr - Payment,$-82.22,"$210,493.69"
2024-04-29 12:41:36,Fitr - Payment,$-87.94,"$210,405.75"
2024-04-30 10:10:53,Fitr - Payment,$-96.32,"$210,309.43"
2024-05-01 20:04:23,Flexin - Payment,$-82.98,"$210,226.45"
2024-05-03 00:00:00,Purchase by Healthn,"$3,000.00","$213,226.45"
2024-05-04 18:28:41,youGrocery - Payment,$-82.83,"$213,143.62"
2024-05-05 20:34:06,Fitr - Payment,$-152.77,"$212,990.85"
2024-05-06 20:32:32,Fitr - Payment,$-85.87,"$212,904.98"
2024-05-10 00:00:00,Purchase by Healthn,"$3,000.00","$215,904.98"
2024-05-12 12:14:32,AffordableHub - Payment,$-123.90,"$215,781.08"
2024-05-12 18:31:13,Fitr - Payment,$-101.29,"$215,679.79"
2024-05-15 19:53:14,Fitr - Payment,$-103.58,"$215,576.21"
2024-05-17 00:00:00,Purchase by Healthn,"$3,000.00","$218,425.91"
2024-05-17 15:38:23,StrongLink - Payment,$-150.30,"$215,425.91"
2024-05-18 18:32:44,Healthn - Payment,$-100.25,"$218,325.66"
2024-05-18 18:45:59,Fitr - Payment,$-135.79,"$218,189.87"
2024-05-19 15:13:31,Flexin - Payment,$-48.38,"$218,141.49"
2024-05-20 13:48:14,Fitr - Payment,$-176.20,"$217,965.29"
2024-05-21 14:21:19,Healthn - Payment,$-124.70,"$217,840.59"
2024-05-22 14:02:36,StrongLink - Payment,$-64.94,"$217,775.65"
2024-05-23 19:35:49,AffordableHub - Payment,$-190.30,"$217,585.35"
2024-05-24 00:00:00,Purchase by Healthn,"$3,000.00","$220,467.86"
2024-05-24 14:42:57,Fitr - Payment,$-117.49,"$217,467.86"
2024-05-28 12:01:30,Flexin - Payment,$-181.90,"$220,285.96"
2024-05-30 10:20:10,Fitr - Payment,$-103.33,"$220,182.63"
2024-05-31 00:00:00,Purchase by Healthn,"$3,000.00","$223,025.43"
2024-05-31 13:05:39,Fitr - Payment,$-157.20,"$220,025.43"
2024-06-02 12:24:57,Healthn - Payment,$-170.27,"$222,855.16"
2024-06-03 15:01:57,Fitr - Payment,$-107.36,"$222,747.80"
2024-06-04 20:44:55,Fitr - Payment,$-41.17,"$222,706.63"
2024-06-05 12:03:35,Fitr - Payment,$-160.25,"$222,546.38"
2024-06-07 00:00:00,Purchase by Healthn,"$3,000.00","$225,419.06"
2024-06-07 20:33:28,Fitr - Payment,$-127.32,"$222,419.06"
2024-06-08 21:02:10,Fitr - Payment,$-199.75,"$225,219.31"
2024-06-09 12:46:02,Healthn - Payment,$-81.70,"$225,137.61"
2024-06-09 18:33:29,Fitr - Payment,$-145.92,"$224,991.69"
2024-06-11 09:13:35,Fitr - Payment,$-97.28,"$224,894.41"
2024-06-13 11:42:58,Fitr - Payment,$-168.83,"$224,725.58"
2024-06-14 00:00:00,Purchase by Healthn,"$3,000.00","$227,659.28"
2024-06-14 10:30:09,Fitr - Payment,$-66.30,"$224,659.28"
2024-06-16 14:41:27,Fitr - Payment,$-79.69,"$227,409.48"
2024-06-16 20:15:34,Healthn - Payment,$-170.11,"$227,489.17"
2024-06-17 19:18:24,Fitr - Payment,$-127.94,"$227,281.54"
2024-06-18 10:21:35,Fitr - Payment,$-186.17,"$227,095.37"
2024-06-19 17:28:45,Fitr - Payment,$-79.81,"$227,015.56"
2024-06-21 00:00:00,Purchase by Healthn,"$3,000.00","$230,015.56"
2024-06-22 09:57:46,Healthn - Payment,$-20.32,"$229,995.24"
2024-06-22 13:43:47,Fitr - Payment,$-135.83,"$229,859.41"
2024-06-23 21:35:40,Fitr - Payment,$-167.74,"$229,691.67"
2024-06-27 21:06:54,Fitr - Payment,$-39.62,"$229,652.05"
2024-06-28 00:00:00,Purchase by Healthn,"$3,000.00","$232,588.33"
2024-06-28 09:26:44,Fitr - Payment,$-63.72,"$229,588.33"
2024-06-29 13:16:23,Fitr - Payment,$-113.16,"$232,409.70"
2024-06-29 15:04:03,Healthn - Payment,$-65.47,"$232,522.86"
2024-07-01 09:05:45,Fitr - Payment,$-93.51,"$232,250.43"
2024-07-01 11:18:47,Healthn - Payment,$-65.76,"$232,343.94"
2024-07-04 21:41:44,Healthn - Payment,$-146.20,"$232,104.23"
2024-07-05 00:00:00,Purchase by Healthn,"$3,000.00","$235,104.23"
2024-07-06 08:58:23,Fitr - Payment,$-138.00,"$234,966.23"
2024-07-07 15:44:36,Healthn - Payment,$-44.19,"$234,922.04"
2024-07-08 12:40:17,Fitr - Payment,$-68.26,"$234,660.22"
2024-07-08 18:53:55,Healthn - Payment,$-193.56,"$234,728.48"
2024-07-09 09:02:13,Fitr - Payment,$-59.58,"$234,600.64"
2024-07-11 10:12:54,youGrocery - Payment,$-74.91,"$234,525.73"
2024-07-12 00:00:00,Purchase by Healthn,"$3,000.00","$237,485.31"
2024-07-12 20:25:43,StrongLink - Payment,$-40.42,"$234,485.31"
2024-07-13 20:28:09,StrongLink - Payment,$-50.24,"$237,435.07"
2024-07-15 21:55:49,StrongLink - Payment,$-179.60,"$237,255.47"
2024-07-16 20:27:34,Healthn - Payment,$-100.32,"$237,155.15"
2024-07-17 20:07:58,Healthn - Payment,$-151.81,"$237,003.34"
2024-07-18 13:51:07,Fitr - Payment,$-36.46,"$236,966.88"
2024-07-19 00:00:00,Purchase by Healthn,"$3,000.00","$239,782.75"
2024-07-19 08:37:55,Healthn - Payment,$-184.13,"$236,782.75"
2024-07-21 18:01:23,StrongLink - Payment,$-140.67,"$239,642.08"
2024-07-22 15:52:13,Healthn - Payment,$-143.11,"$239,498.97"
2024-07-26 00:00:00,Purchase by Healthn,"$3,000.00","$242,419.15"
2024-07-26 16:49:09,Fitr - Payment,$-79.82,"$239,419.15"
2024-07-28 20:43:08,Healthn - Payment,$-182.69,"$242,236.46"
2024-07-30 08:28:29,StrongLink - Payment,$-27.39,"$242,209.07"
2024-07-31 18:50:57,StrongLink - Payment,$-157.12,"$242,051.95"
2024-08-02 00:00:00,Purchase by Healthn,"$3,000.00","$245,051.95"
2024-08-04 14:05:15,Fitr - Payment,$-149.72,"$244,718.68"
2024-08-04 21:12:23,Healthn - Payment,$-183.55,"$244,868.40"
2024-08-08 10:01:23,Fitr - Payment,$-140.13,"$244,451.57"
2024-08-08 21:44:47,Healthn - Payment,$-126.98,"$244,591.70"
2024-08-09 00:00:00,Purchase by Healthn,"$3,000.00","$247,451.57"
2024-08-10 17:56:01,StrongLink - Payment,$-20.62,"$247,430.95"
2024-08-11 16:17:56,Flexin - Payment,$-183.56,"$247,247.39"
2024-08-12 14:50:25,Fitr - Payment,$-68.50,"$247,178.89"
